@article{Chollet16a,
  author    = {Fran{\c{c}}ois Chollet},
  title     = {Xception: Deep Learning with Depthwise Separable Convolutions},
  journal   = {CoRR},
  volume    = {abs/1610.02357},
  year      = {2016},
  url       = {http://arxiv.org/abs/1610.02357},
  timestamp = {Wed, 02 Nov 2016 09:51:26 +0100},
  biburl    = {http://dblp2.uni-trier.de/rec/bib/journals/corr/Chollet16a},
  bibsource = {dblp computer science bibliography, http://dblp.org}
}
@inproceedings{DentonZBLF14,
  author    = {Emily L. Denton and
               Wojciech Zaremba and
               Joan Bruna and
               Yann LeCun and
               Rob Fergus},
  title     = {Exploiting Linear Structure Within Convolutional Networks for Efficient
               Evaluation},
  booktitle = {{NIPS}},
  pages     = {1269--1277},
  year      = {2014},
  crossref  = {DBLP:conf/nips/2014},
  url       = {http://papers.nips.cc/paper/5544-exploiting-linear-structure-within-convolutional-networks-for-efficient-evaluation},
  timestamp = {Wed, 10 Dec 2014 21:34:12 +0100},
  biburl    = {http://dblp.uni-trier.de/rec/bib/conf/nips/DentonZBLF14},
  bibsource = {dblp computer science bibliography, http://dblp.org}
}

@inproceedings{HeZRS16,
  author    = {Kaiming He and
               Xiangyu Zhang and
               Shaoqing Ren and
               Jian Sun},
  title     = {Deep Residual Learning for Image Recognition},
  booktitle = {{CVPR}},
  pages     = {770--778},
  year      = {2016},
  crossref  = {DBLP:conf/cvpr/2016},
  url       = {http://dx.doi.org/10.1109/CVPR.2016.90},
  doi       = {10.1109/CVPR.2016.90},
  timestamp = {Tue, 20 Dec 2016 13:36:12 +0100},
  biburl    = {http://dblp.uni-trier.de/rec/bib/conf/cvpr/HeZRS16},
  bibsource = {dblp computer science bibliography, http://dblp.org}
}

@article{IoannouRCC16,
  author    = {Yani Ioannou and
               Duncan P. Robertson and
               Roberto Cipolla and
               Antonio Criminisi},
  title     = {Deep Roots: Improving {CNN} Efficiency with Hierarchical Filter Groups},
  journal   = {CoRR},
  volume    = {abs/1605.06489},
  year      = {2016},
  url       = {http://arxiv.org/abs/1605.06489},
  timestamp = {Wed, 01 Jun 2016 15:51:08 +0200},
  biburl    = {http://dblp.uni-trier.de/rec/bib/journals/corr/IoannouRCC16},
  bibsource = {dblp computer science bibliography, http://dblp.org}
}

@article{IoannouRSCC15,
  author    = {Yani Ioannou and
               Duncan P. Robertson and
               Jamie Shotton and
               Roberto Cipolla and
               Antonio Criminisi},
  title     = {Training CNNs with Low-Rank Filters for Efficient Image Classification},
  journal   = {CoRR},
  volume    = {abs/1511.06744},
  year      = {2015},
  url       = {http://arxiv.org/abs/1511.06744},
  timestamp = {Wed, 02 Dec 2015 08:18:13 +0100},
  biburl    = {http://dblp.uni-trier.de/rec/bib/journals/corr/IoannouRSCC15},
  bibsource = {dblp computer science bibliography, http://dblp.org}
}

@inproceedings{JaderbergVZ14,
  author    = {Max Jaderberg and
               Andrea Vedaldi and
               Andrew Zisserman},
  title     = {Speeding up Convolutional Neural Networks with Low Rank Expansions},
  booktitle = {{BMVC}},
  year      = {2014},
  crossref  = {DBLP:conf/bmvc/2014},
  url       = {http://www.bmva.org/bmvc/2014/papers/paper073/index.html},
  timestamp = {Sat, 24 Jan 2015 13:20:55 +0100},
  biburl    = {http://dblp.uni-trier.de/rec/bib/conf/bmvc/JaderbergVZ14},
  bibsource = {dblp computer science bibliography, http://dblp.org}
}

@article{KimPYCYS15,
  author    = {Yong{-}Deok Kim and
               Eunhyeok Park and
               Sungjoo Yoo and
               Taelim Choi and
               Lu Yang and
               Dongjun Shin},
  title     = {Compression of Deep Convolutional Neural Networks for Fast and Low
               Power Mobile Applications},
  journal   = {CoRR},
  volume    = {abs/1511.06530},
  year      = {2015},
  url       = {http://arxiv.org/abs/1511.06530},
  timestamp = {Tue, 01 Dec 2015 19:22:34 +0100},
  biburl    = {http://dblp2.uni-trier.de/rec/bib/journals/corr/KimPYCYS15},
  bibsource = {dblp computer science bibliography, http://dblp.org}
}



@inproceedings{KrizhevskySH12,
  author    = {Alex Krizhevsky and
               Ilya Sutskever and
               Geoffrey E. Hinton},
  title     = {ImageNet Classification with Deep Convolutional Neural Networks},
  booktitle = {{NIPS}},
  pages     = {1106--1114},
  year      = {2012},
  crossref  = {DBLP:conf/nips/2012},
  url       = {http://papers.nips.cc/paper/4824-imagenet-classification-with-deep-convolutional-neural-networks},
  timestamp = {Thu, 11 Dec 2014 17:34:07 +0100},
  biburl    = {http://dblp.uni-trier.de/rec/bib/conf/nips/KrizhevskySH12},
  bibsource = {dblp computer science bibliography, http://dblp.org}
}

@article{SifreM14,
  author    = {Laurent Sifre and
               St{\'{e}}phane Mallat},
  title     = {Rigid-Motion Scattering for Texture Classification},
  journal   = {CoRR},
  volume    = {abs/1403.1687},
  year      = {2014},
  url       = {http://arxiv.org/abs/1403.1687},
  timestamp = {Tue, 01 Apr 2014 11:56:46 +0200},
  biburl    = {http://dblp.uni-trier.de/rec/bib/journals/corr/SifreM14},
  bibsource = {dblp computer science bibliography, http://dblp.org}
}

@inproceedings{SzegedyLJSRAEVR15,
  author    = {Christian Szegedy and
               Wei Liu and
               Yangqing Jia and
               Pierre Sermanet and
               Scott E. Reed and
               Dragomir Anguelov and
               Dumitru Erhan and
               Vincent Vanhoucke and
               Andrew Rabinovich},
  title     = {Going deeper with convolutions},
  booktitle = {{CVPR}},
  pages     = {1--9},
  year      = {2015},
  crossref  = {DBLP:conf/cvpr/2015},
  url       = {http://dx.doi.org/10.1109/CVPR.2015.7298594},
  doi       = {10.1109/CVPR.2015.7298594},
  timestamp = {Tue, 31 May 2016 18:15:23 +0200},
  biburl    = {http://dblp.uni-trier.de/rec/bib/conf/cvpr/SzegedyLJSRAEVR15},
  bibsource = {dblp computer science bibliography, http://dblp.org}
}

@article{WangWZZ16,
  author    = {Jingdong Wang and
               Zhen Wei and
               Ting Zhang and
               Wenjun Zeng},
  title     = {Deeply-Fused Nets},
  journal   = {CoRR},
  volume    = {abs/1605.07716},
  year      = {2016},
  url       = {http://arxiv.org/abs/1605.07716},
  timestamp = {Wed, 01 Jun 2016 15:51:08 +0200},
  biburl    = {http://dblp.uni-trier.de/rec/bib/journals/corr/WangWZZ16},
  bibsource = {dblp computer science bibliography, http://dblp.org}
}

@article{Alex2009,
  author    = {Alex Krizhevsky},
  title     = {Learning multiple layers of features from tiny images},
  journal   = {Technical report},
  year      = {2009}
}

@article{TorralbaFF08,
  author    = {Antonio Torralba and
               Robert Fergus and
               William T. Freeman},
  title     = {80 Million Tiny Images: {A} Large Data Set for Nonparametric Object
               and Scene Recognition},
  journal   = {{IEEE} Trans. Pattern Anal. Mach. Intell.},
  volume    = {30},
  number    = {11},
  pages     = {1958--1970},
  year      = {2008},
  url       = {http://dx.doi.org/10.1109/TPAMI.2008.128},
  doi       = {10.1109/TPAMI.2008.128},
  timestamp = {Sat, 12 Mar 2016 09:04:18 +0100},
  biburl    = {http://dblp.uni-trier.de/rec/bib/journals/pami/TorralbaFF08},
  bibsource = {dblp computer science bibliography, http://dblp.org}
}

@inproceedings{HuangSLSW16,
  author    = {Gao Huang and
               Yu Sun and
               Zhuang Liu and
               Daniel Sedra and
               Kilian Q. Weinberger},
  title     = {Deep Networks with Stochastic Depth},
  booktitle = {{ECCV}},
  pages     = {646--661},
  year      = {2016},
  crossref  = {DBLP:conf/eccv/2016-4},
  url       = {http://dx.doi.org/10.1007/978-3-319-46493-0_39},
  doi       = {10.1007/978-3-319-46493-0_39},
  timestamp = {Tue, 20 Sep 2016 08:40:38 +0200},
  biburl    = {http://dblp.uni-trier.de/rec/bib/conf/eccv/HuangSLSW16},
  bibsource = {dblp computer science bibliography, http://dblp.org}
}


@inproceedings{LeeXGZT15,
  author    = {Chen{-}Yu Lee and
               Saining Xie and
               Patrick W. Gallagher and
               Zhengyou Zhang and
               Zhuowen Tu},
  title     = {Deeply-Supervised Nets},
  booktitle = {{AISTATS}},
  year      = {2015},
  crossref  = {DBLP:conf/aistats/2015},
  url       = {http://jmlr.org/proceedings/papers/v38/lee15a.html},
  timestamp = {Tue, 12 Jul 2016 21:51:16 +0200},
  biburl    = {http://dblp.uni-trier.de/rec/bib/conf/aistats/LeeXGZT15},
  bibsource = {dblp computer science bibliography, http://dblp.org}
}

@article{HuangLW16a,
  author    = {Gao Huang and
               Zhuang Liu and
               Kilian Q. Weinberger},
  title     = {Densely Connected Convolutional Networks},
  journal   = {CoRR},
  volume    = {abs/1608.06993},
  year      = {2016},
  url       = {http://arxiv.org/abs/1608.06993},
  timestamp = {Fri, 02 Sep 2016 17:46:24 +0200},
  biburl    = {http://dblp.uni-trier.de/rec/bib/journals/corr/HuangLW16a},
  bibsource = {dblp computer science bibliography, http://dblp.org}
}

@article{LarssonMS16a,
  author    = {Gustav Larsson and
               Michael Maire and
               Gregory Shakhnarovich},
  title     = {FractalNet: Ultra-Deep Neural Networks without Residuals},
  journal   = {CoRR},
  volume    = {abs/1605.07648},
  year      = {2016},
  url       = {http://arxiv.org/abs/1605.07648},
  timestamp = {Wed, 01 Jun 2016 15:51:08 +0200},
  biburl    = {http://dblp.uni-trier.de/rec/bib/journals/corr/LarssonMS16a},
  bibsource = {dblp computer science bibliography, http://dblp.org}
}

@article{LinCY13,
  author    = {Min Lin and
               Qiang Chen and
               Shuicheng Yan},
  title     = {Network In Network},
  journal   = {CoRR},
  volume    = {abs/1312.4400},
  year      = {2013},
  url       = {http://arxiv.org/abs/1312.4400},
  timestamp = {Mon, 06 Jan 2014 15:10:41 +0100},
  biburl    = {http://dblp.uni-trier.de/rec/bib/journals/corr/LinCY13},
  bibsource = {dblp computer science bibliography, http://dblp.org}
}

@article{RomeroBKCGB14,
  author    = {Adriana Romero and
               Nicolas Ballas and
               Samira Ebrahimi Kahou and
               Antoine Chassang and
               Carlo Gatta and
               Yoshua Bengio},
  title     = {FitNets: Hints for Thin Deep Nets},
  journal   = {CoRR},
  volume    = {abs/1412.6550},
  year      = {2014},
  url       = {http://arxiv.org/abs/1412.6550},
  timestamp = {Thu, 01 Jan 2015 19:51:08 +0100},
  biburl    = {http://dblp.uni-trier.de/rec/bib/journals/corr/RomeroBKCGB14},
  bibsource = {dblp computer science bibliography, http://dblp.org}
}


@article{SpringenbergDBR14,
  author    = {Jost Tobias Springenberg and
               Alexey Dosovitskiy and
               Thomas Brox and
               Martin A. Riedmiller},
  title     = {Striving for Simplicity: The All Convolutional Net},
  journal   = {CoRR},
  volume    = {abs/1412.6806},
  year      = {2014},
  url       = {http://arxiv.org/abs/1412.6806},
  timestamp = {Wed, 01 Apr 2015 20:06:15 +0200},
  biburl    = {http://dblp.uni-trier.de/rec/bib/journals/corr/SpringenbergDBR14},
  bibsource = {dblp computer science bibliography, http://dblp.org}
}

@inproceedings{SrivastavaGS15,
  author    = {Rupesh Kumar Srivastava and
               Klaus Greff and
               J{\"{u}}rgen Schmidhuber},
  title     = {Training Very Deep Networks},
  booktitle = {{NIPS}},
  pages     = {2377--2385},
  year      = {2015},
  crossref  = {DBLP:conf/nips/2015},
  url       = {http://papers.nips.cc/paper/5850-training-very-deep-networks},
  timestamp = {Fri, 08 Apr 2016 19:32:52 +0200},
  biburl    = {http://dblp.uni-trier.de/rec/bib/conf/nips/SrivastavaGS15},
  bibsource = {dblp computer science bibliography, http://dblp.org}
}

@inproceedings{DengDSLL009,
  author    = {Jia Deng and
               Wei Dong and
               Richard Socher and
               Li{-}Jia Li and
               Kai Li and
               Fei{-}Fei Li},
  title     = {ImageNet: {A} large-scale hierarchical image database},
  booktitle = {{CVPR}},
  pages     = {248--255},
  year      = {2009},
  crossref  = {DBLP:conf/cvpr/2009},
  url       = {http://dx.doi.org/10.1109/CVPRW.2009.5206848},
  doi       = {10.1109/CVPRW.2009.5206848},
  timestamp = {Tue, 25 Nov 2014 17:05:17 +0100},
  biburl    = {http://dblp.uni-trier.de/rec/bib/conf/cvpr/DengDSLL009},
  bibsource = {dblp computer science bibliography, http://dblp.org}
}

@inproceedings{HeZRS16ECCV,
  author    = {Kaiming He and
               Xiangyu Zhang and
               Shaoqing Ren and
               Jian Sun},
  title     = {Identity Mappings in Deep Residual Networks},
  booktitle = {{ECCV}},
  pages     = {630--645},
  year      = {2016},
  crossref  = {DBLP:conf/eccv/2016-4},
  url       = {http://dx.doi.org/10.1007/978-3-319-46493-0_38},
  doi       = {10.1007/978-3-319-46493-0_38},
  timestamp = {Tue, 20 Sep 2016 08:40:38 +0200},
  biburl    = {http://dblp.uni-trier.de/rec/bib/conf/eccv/HeZRS16},
  bibsource = {dblp computer science bibliography, http://dblp.org}
}


@inproceedings{HeZRS15,
  author    = {Kaiming He and
               Xiangyu Zhang and
               Shaoqing Ren and
               Jian Sun},
  title     = {Delving Deep into Rectifiers: Surpassing Human-Level Performance on
               ImageNet Classification},
  booktitle = {{ICCV}},
  pages     = {1026--1034},
  year      = {2015},
  crossref  = {DBLP:conf/iccv/2015},
  url       = {http://dx.doi.org/10.1109/ICCV.2015.123},
  doi       = {10.1109/ICCV.2015.123},
  timestamp = {Thu, 12 May 2016 10:41:46 +0200},
  biburl    = {http://dblp.uni-trier.de/rec/bib/conf/iccv/HeZRS15},
  bibsource = {dblp computer science bibliography, http://dblp.org}
}

@inproceedings{IoffeS15,
  author    = {Sergey Ioffe and
               Christian Szegedy},
  title     = {Batch Normalization: Accelerating Deep Network Training by Reducing
               Internal Covariate Shift},
  booktitle = {{ICML}},
  pages     = {448--456},
  year      = {2015},
  crossref  = {DBLP:conf/icml/2015},
  url       = {http://jmlr.org/proceedings/papers/v37/ioffe15.html},
  timestamp = {Tue, 12 Jul 2016 21:51:15 +0200},
  biburl    = {http://dblp.uni-trier.de/rec/bib/conf/icml/IoffeS15},
  bibsource = {dblp computer science bibliography, http://dblp.org}
}


@article{ChenLLLWWXXZZ15,
  author    = {Tianqi Chen and
               Mu Li and
               Yutian Li and
               Min Lin and
               Naiyan Wang and
               Minjie Wang and
               Tianjun Xiao and
               Bing Xu and
               Chiyuan Zhang and
               Zheng Zhang},
  title     = {MXNet: {A} Flexible and Efficient Machine Learning Library for Heterogeneous
               Distributed Systems},
  journal   = {CoRR},
  volume    = {abs/1512.01274},
  year      = {2015},
  url       = {http://arxiv.org/abs/1512.01274},
  timestamp = {Sat, 02 Jan 2016 11:38:49 +0100},
  biburl    = {http://dblp.uni-trier.de/rec/bib/journals/corr/ChenLLLWWXXZZ15},
  bibsource = {dblp computer science bibliography, http://dblp.org}
}


@inproceedings{SinghHF16,
  author    = {Saurabh Singh and
               Derek Hoiem and
               David A. Forsyth},
  title     = {Swapout: Learning an ensemble of deep architectures},
  booktitle = {{NIPS}},
  pages     = {28--36},
  year      = {2016},
  crossref  = {DBLP:conf/nips/2016},
  url       = {http://papers.nips.cc/paper/6205-swapout-learning-an-ensemble-of-deep-architectures},
  timestamp = {Fri, 16 Dec 2016 19:45:58 +0100},
  biburl    = {http://dblp.uni-trier.de/rec/bib/conf/nips/SinghHF16},
  bibsource = {dblp computer science bibliography, http://dblp.org}
}

@article{LoshchilovH16a,
  author    = {Ilya Loshchilov and
               Frank Hutter},
  title     = {{SGDR:} Stochastic Gradient Descent with Restarts},
  journal   = {CoRR},
  volume    = {abs/1608.03983},
  year      = {2016},
  url       = {http://arxiv.org/abs/1608.03983},
  timestamp = {Fri, 02 Sep 2016 17:46:24 +0200},
  biburl    = {http://dblp.uni-trier.de/rec/bib/journals/corr/LoshchilovH16a},
  bibsource = {dblp computer science bibliography, http://dblp.org}
}


@article{ZagoruykoK16,
  author    = {Sergey Zagoruyko and
               Nikos Komodakis},
  title     = {Wide Residual Networks},
  journal   = {CoRR},
  volume    = {abs/1605.07146},
  year      = {2016},
  url       = {http://arxiv.org/abs/1605.07146},
  timestamp = {Wed, 01 Jun 2016 15:51:08 +0200},
  biburl    = {http://dblp.uni-trier.de/rec/bib/journals/corr/ZagoruykoK16},
  bibsource = {dblp computer science bibliography, http://dblp.org}
}

@article{TargAL16,
  author    = {Sasha Targ and
               Diogo Almeida and
               Kevin Lyman},
  title     = {Resnet in Resnet: Generalizing Residual Architectures},
  journal   = {CoRR},
  volume    = {abs/1603.08029},
  year      = {2016},
  url       = {http://arxiv.org/abs/1603.08029},
  timestamp = {Sat, 02 Apr 2016 11:49:48 +0200},
  biburl    = {http://dblp.uni-trier.de/rec/bib/journals/corr/TargAL16},
  bibsource = {dblp computer science bibliography, http://dblp.org}
}


@article{AbdiN16,
  author    = {Masoud Abdi and
               Saeid Nahavandi},
  title     = {Multi-Residual Networks},
  journal   = {CoRR},
  volume    = {abs/1609.05672},
  year      = {2016},
  url       = {http://arxiv.org/abs/1609.05672},
  timestamp = {Mon, 03 Oct 2016 17:51:10 +0200},
  biburl    = {http://dblp.uni-trier.de/rec/bib/journals/corr/AbdiN16},
  bibsource = {dblp computer science bibliography, http://dblp.org}
}

@article{ZhaoWLTZ16,
  author    = {Liming Zhao and
               Jingdong Wang and
               Xi Li and
               Zhuowen Tu and
               Wenjun Zeng},
  title     = {On the Connection of Deep Fusion to Ensembling},
  journal   = {CoRR},
  volume    = {abs/1611.07718},
  year      = {2016},
  url       = {http://arxiv.org/abs/1611.07718},
  timestamp = {Thu, 01 Dec 2016 19:32:08 +0100},
  biburl    = {http://dblp.uni-trier.de/rec/bib/journals/corr/ZhaoWLTZ16},
  bibsource = {dblp computer science bibliography, http://dblp.org}
}


@inproceedings{CunHBB99,
  author    = {Yann LeCun and
               Patrick Haffner and
               L{\'{e}}on Bottou and
               Yoshua Bengio},
  title     = {Object Recognition with Gradient-Based Learning},
  booktitle = {Shape, Contour and Grouping in Computer Vision},
  pages     = {319},
  year      = {1999},
  crossref  = {DBLP:conf/shape/1999},
  url       = {http://dx.doi.org/10.1007/3-540-46805-6_19},
  doi       = {10.1007/3-540-46805-6_19},
  timestamp = {Mon, 20 Jun 2011 17:30:56 +0200},
  biburl    = {http://dblp.uni-trier.de/rec/bib/conf/shape/CunHBB99},
  bibsource = {dblp computer science bibliography, http://dblp.org}
}

@article{XieGDTH16,
  author    = {Saining Xie and
               Ross B. Girshick and
               Piotr Doll{\'{a}}r and
               Zhuowen Tu and
               Kaiming He},
  title     = {Aggregated Residual Transformations for Deep Neural Networks},
  journal   = {CoRR},
  volume    = {abs/1611.05431},
  year      = {2016},
  url       = {http://arxiv.org/abs/1611.05431},
  timestamp = {Thu, 01 Dec 2016 19:32:08 +0100},
  biburl    = {http://dblp.uni-trier.de/rec/bib/journals/corr/XieGDTH16},
  bibsource = {dblp computer science bibliography, http://dblp.org}
}



@inproceedings{SzegedyIVA17,
  author    = {Christian Szegedy and
               Sergey Ioffe and
               Vincent Vanhoucke and
               Alexander A. Alemi},
  title     = {Inception-v4, Inception-ResNet and the Impact of Residual Connections
               on Learning},
  booktitle = {{AAAI}},
  pages     = {4278--4284},
  year      = {2017},
  crossref  = {DBLP:conf/aaai/2017},
  url       = {http://aaai.org/ocs/index.php/AAAI/AAAI17/paper/view/14806},
  timestamp = {Mon, 06 Mar 2017 11:36:24 +0100},
  biburl    = {http://dblp.uni-trier.de/rec/bib/conf/aaai/SzegedyIVA17},
  bibsource = {dblp computer science bibliography, http://dblp.org}
}

@inproceedings{SzegedyVISW16,
  author    = {Christian Szegedy and
               Vincent Vanhoucke and
               Sergey Ioffe and
               Jonathon Shlens and
               Zbigniew Wojna},
  title     = {Rethinking the Inception Architecture for Computer Vision},
  booktitle = {{CVPR}},
  pages     = {2818--2826},
  year      = {2016},
  crossref  = {DBLP:conf/cvpr/2016},
  url       = {http://dx.doi.org/10.1109/CVPR.2016.308},
  doi       = {10.1109/CVPR.2016.308},
  timestamp = {Tue, 20 Dec 2016 13:36:12 +0100},
  biburl    = {http://dblp.uni-trier.de/rec/bib/conf/cvpr/SzegedyVISW16},
  bibsource = {dblp computer science bibliography, http://dblp.org}
}

@article{ChangpinyoSZ17,
  author    = {Soravit Changpinyo and
               Mark Sandler and
               Andrey Zhmoginov},
  title     = {The Power of Sparsity in Convolutional Neural Networks},
  journal   = {CoRR},
  volume    = {abs/1702.06257},
  year      = {2017},
  url       = {http://arxiv.org/abs/1702.06257},
  timestamp = {Wed, 01 Mar 2017 14:26:00 +0100},
  biburl    = {http://dblp.uni-trier.de/rec/bib/journals/corr/ChangpinyoSZ17},
  bibsource = {dblp computer science bibliography, http://dblp.org}
}

@inproceedings{WanZZLF13,
  author    = {Li Wan and
               Matthew D. Zeiler and
               Sixin Zhang and
               Yann LeCun and
               Rob Fergus},
  title     = {Regularization of Neural Networks using DropConnect},
  booktitle = {{ICML}},
  pages     = {1058--1066},
  year      = {2013},
  crossref  = {DBLP:conf/icml/2013},
  url       = {http://jmlr.org/proceedings/papers/v28/wan13.html},
  timestamp = {Tue, 12 Jul 2016 21:51:14 +0200},
  biburl    = {http://dblp.uni-trier.de/rec/bib/conf/icml/WanZZLF13},
  bibsource = {dblp computer science bibliography, http://dblp.org}
}

@article{SimonyanZ14a,
  author    = {Karen Simonyan and
               Andrew Zisserman},
  title     = {Very Deep Convolutional Networks for Large-Scale Image Recognition},
  journal   = {CoRR},
  volume    = {abs/1409.1556},
  year      = {2014},
  url       = {http://arxiv.org/abs/1409.1556},
  timestamp = {Wed, 01 Oct 2014 15:00:05 +0200},
  biburl    = {http://dblp.uni-trier.de/rec/bib/journals/corr/SimonyanZ14a},
  bibsource = {dblp computer science bibliography, http://dblp.org}
}

@inproceedings{JaderbergVZ14,
  author    = {Max Jaderberg and
               Andrea Vedaldi and
               Andrew Zisserman},
  title     = {Speeding up Convolutional Neural Networks with Low Rank Expansions},
  booktitle = {{BMVC}},
  year      = {2014},
  crossref  = {DBLP:conf/bmvc/2014},
  url       = {http://www.bmva.org/bmvc/2014/papers/paper073/index.html},
  timestamp = {Sat, 24 Jan 2015 13:20:55 +0100},
  biburl    = {http://dblp.uni-trier.de/rec/bib/conf/bmvc/JaderbergVZ14},
  bibsource = {dblp computer science bibliography, http://dblp.org}
}

@inproceedings{MamaletG12,
  author    = {Franck Mamalet and
               Christophe Garcia},
  title     = {Simplifying ConvNets for Fast Learning},
  booktitle = {{ICANN}},
  pages     = {58--65},
  year      = {2012},
  crossref  = {DBLP:conf/icann/2012-2},
  url       = {http://dx.doi.org/10.1007/978-3-642-33266-1_8},
  doi       = {10.1007/978-3-642-33266-1_8},
  timestamp = {Wed, 19 Sep 2012 14:38:29 +0200},
  biburl    = {http://dblp.uni-trier.de/rec/bib/conf/icann/MamaletG12},
  bibsource = {dblp computer science bibliography, http://dblp.org}
}

@article{DBLP:journals/corr/SmithT16,
  author    = {Leslie N. Smith and
               Nicholay Topin},
  title     = {Deep Convolutional Neural Network Design Patterns},
  journal   = {CoRR},
  volume    = {abs/1611.00847},
  year      = {2016},
  url       = {http://arxiv.org/abs/1611.00847},
  timestamp = {Thu, 01 Dec 2016 19:32:08 +0100},
  biburl    = {http://dblp.uni-trier.de/rec/bib/journals/corr/SmithT16},
  bibsource = {dblp computer science bibliography, http://dblp.org}
}


@article{LiKDSG16,
  author    = {Hao Li and
               Asim Kadav and
               Igor Durdanovic and
               Hanan Samet and
               Hans Peter Graf},
  title     = {Pruning Filters for Efficient ConvNets},
  journal   = {CoRR},
  volume    = {abs/1608.08710},
  year      = {2016},
  url       = {http://arxiv.org/abs/1608.08710},
  timestamp = {Fri, 02 Sep 2016 17:46:24 +0200},
  biburl    = {http://dblp.uni-trier.de/rec/bib/journals/corr/LiKDSG16},
  bibsource = {dblp computer science bibliography, http://dblp.org}
}

@inproceedings{WenWWCL16,
  author    = {Wei Wen and
               Chunpeng Wu and
               Yandan Wang and
               Yiran Chen and
               Hai Li},
  title     = {Learning Structured Sparsity in Deep Neural Networks},
  booktitle = {NIPS},
  pages     = {2074--2082},
  year      = {2016},
  crossref  = {DBLP:conf/nips/2016},
  url       = {http://papers.nips.cc/paper/6504-learning-structured-sparsity-in-deep-neural-networks},
  timestamp = {Fri, 03 Mar 2017 14:59:41 +0100},
  biburl    = {http://dblp.uni-trier.de/rec/bib/conf/nips/WenWWCL16},
  bibsource = {dblp computer science bibliography, http://dblp.org}
}

@article{HanMD15,
  author    = {Song Han and
               Huizi Mao and
               William J. Dally},
  title     = {Deep Compression: Compressing Deep Neural Network with Pruning, Trained
               Quantization and Huffman Coding},
  journal   = {CoRR},
  volume    = {abs/1510.00149},
  year      = {2015},
  url       = {http://arxiv.org/abs/1510.00149},
  timestamp = {Sun, 01 Nov 2015 17:30:45 +0100},
  biburl    = {http://dblp.uni-trier.de/rec/bib/journals/corr/HanMD15},
  bibsource = {dblp computer science bibliography, http://dblp.org}
}

@inproceedings{HanPTD15,
  author    = {Song Han and
               Jeff Pool and
               John Tran and
               William J. Dally},
  title     = {Learning both Weights and Connections for Efficient Neural Network},
  booktitle = {{NIPS}},
  pages     = {1135--1143},
  year      = {2015},
  crossref  = {DBLP:conf/nips/2015},
  url       = {http://papers.nips.cc/paper/5784-learning-both-weights-and-connections-for-efficient-neural-network},
  timestamp = {Fri, 08 Apr 2016 19:32:52 +0200},
  biburl    = {http://dblp.uni-trier.de/rec/bib/conf/nips/HanPTD15},
  bibsource = {dblp computer science bibliography, http://dblp.org}
}

@article{JinDC14,
  author    = {Jonghoon Jin and
               Aysegul Dundar and
               Eugenio Culurciello},
  title     = {Flattened Convolutional Neural Networks for Feedforward Acceleration},
  journal   = {CoRR},
  volume    = {abs/1412.5474},
  year      = {2014},
  url       = {http://arxiv.org/abs/1412.5474},
  timestamp = {Thu, 01 Jan 2015 19:51:08 +0100},
  biburl    = {http://dblp.uni-trier.de/rec/bib/journals/corr/JinDC14},
  bibsource = {dblp computer science bibliography, http://dblp.org}
}

@article{ZhangQXW17,
  author    = {Ting Zhang and
               Guo{-}Jun Qi and
               Bin Xiao and
               Jingdong Wang},
  title     = {Interleaved Group Convolutions for Deep Neural Networks},
  journal   = {CoRR},
  volume    = {abs/1707.02725},
  year      = {2017},
  url       = {http://arxiv.org/abs/1707.02725},
  archivePrefix = {arXiv},
  eprint    = {1707.02725},
  timestamp = {Sat, 05 Aug 2017 14:56:16 +0200},
  biburl    = {http://dblp.org/rec/bib/journals/corr/ZhangQ0W17},
  bibsource = {dblp computer science bibliography, http://dblp.org}
}





















@article{courbariaux2016binarized,
	title={Binarized neural networks: Training deep neural networks with weights and activations constrained to+ 1 or-1},
	author={Courbariaux, Matthieu and Hubara, Itay and Soudry, Daniel and El-Yaniv, Ran and Bengio, Yoshua},
	journal={arXiv preprint arXiv:1602.02830},
	year={2016}
}
@inproceedings{rastegari2016xnor,
	title={Xnor-net: Imagenet classification using binary convolutional neural networks},
	author={Rastegari, Mohammad and Ordonez, Vicente and Redmon, Joseph and Farhadi, Ali},
	booktitle={European Conference on Computer Vision},
	pages={525--542},
	year={2016},
	organization={Springer}
}
@article{li2016ternary,
	title={Ternary weight networks},
	author={Li, Fengfu and Zhang, Bo and Liu, Bin},
	journal={arXiv preprint arXiv:1605.04711},
	year={2016}
}
@article{zhou2016dorefa,
	title={DoReFa-Net: Training low bitwidth convolutional neural networks with low bitwidth gradients},
	author={Zhou, Shuchang and Wu, Yuxin and Ni, Zekun and Zhou, Xinyu and Wen, He and Zou, Yuheng},
	journal={arXiv preprint arXiv:1606.06160},
	year={2016}
}
@article{zhu2016trained,
	title={Trained ternary quantization},
	author={Zhu, Chenzhuo and Han, Song and Mao, Huizi and Dally, William J},
	journal={arXiv preprint arXiv:1612.01064},
	year={2016}
}
@article{zhou2017incremental,
	title={Incremental network quantization: Towards lossless cnns with low-precision weights},
	author={Zhou, Aojun and Yao, Anbang and Guo, Yiwen and Xu, Lin and Chen, Yurong},
	journal={arXiv preprint arXiv:1702.03044},
	year={2017}
}


@article{mao2017exploring,
	title={Exploring the Regularity of Sparse Structure in Convolutional Neural Networks},
	author={Mao, Huizi and Han, Song and Pool, Jeff and Li, Wenshuo and Liu, Xingyu and Wang, Yu and Dally, William J},
	journal={arXiv preprint arXiv:1705.08922},
	year={2017}
}
@inproceedings{liu2015sparse,
	title={Sparse Convolutional Neural Networks},
	author={Liu, Baoyuan and Wang, Min and Foroosh, Hassan and Tappen, Marshall and Penksy, Marianna},
	booktitle={Computer Vision and Pattern Recognition (CVPR), 2015 IEEE Conference on},
	pages={806--814},
	year={2015},
	organization={IEEE}
}
@article{park2016faster,
	title={Faster cnns with direct sparse convolutions and guided pruning},
	author={Park, Jongsoo and Li, Sheng and Wen, Wei and Tang, Ping Tak Peter and Li, Hai and Chen, Yiran and Dubey, Pradeep},
	year={2016}
}

@article{wen2017coordinating,
	title={Coordinating Filters for Faster Deep Neural Networks},
	author={Wen, Wei and Xu, Cong and Wu, Chunpeng and Wang, Yandan and Chen, Yiran and Li, Hai},
	journal={arXiv preprint arXiv:1703.09746},
	year={2017}
}

@article{he2017channel,
	title={Channel Pruning for Accelerating Very Deep Neural Networks},
	author={He, Yihui and Zhang, Xiangyu and Sun, Jian},
	journal={arXiv preprint arXiv:1707.06168},
	year={2017}
}

@article{krizhevsky2009learning,
	title={Learning multiple layers of features from tiny images},
	author={Krizhevsky, Alex},
	year={2009}
}

@article{ILSVRC15,
	Author = {Olga Russakovsky and Jia Deng and Hao Su and Jonathan Krause and Sanjeev Satheesh and Sean Ma and Zhiheng Huang and Andrej Karpathy and Aditya Khosla and Michael Bernstein and Alexander C. Berg and Li Fei-Fei},
	Title = {{ImageNet Large Scale Visual Recognition Challenge}},
	Year = {2015},
	journal   = {International Journal of Computer Vision (IJCV)},
	doi = {10.1007/s11263-015-0816-y},
	volume={115},
	number={3},
	pages={211-252}
}

@inproceedings{he2016identity,
	title={Identity mappings in deep residual networks},
	author={He, Kaiming and Zhang, Xiangyu and Ren, Shaoqing and Sun, Jian},
	booktitle={European Conference on Computer Vision},
	pages={630--645},
	year={2016},
	organization={Springer}
}

@article{huang2017snapshot,
	title={Snapshot ensembles: Train 1, get m for free},
	author={Huang, Gao and Li, Yixuan and Pleiss, Geoff and Liu, Zhuang and Hopcroft, John E and Weinberger, Kilian Q},
	journal={arXiv preprint arXiv:1704.00109},
	year={2017}
}
@article{cordeirowide,
	title={Wide Residual Network for the Tiny ImageNet Challenge},
	author={Cordeiro, Let{\'\i}cia}
}
@inproceedings{singh2016swapout,
	title={Swapout: Learning an ensemble of deep architectures},
	author={Singh, Saurabh and Hoiem, Derek and Forsyth, David},
	booktitle={Advances in Neural Information Processing Systems},
	pages={28--36},
	year={2016}
}

@inproceedings{he2016deep,
	title={Deep residual learning for image recognition},
	author={He, Kaiming and Zhang, Xiangyu and Ren, Shaoqing and Sun, Jian},
	booktitle={Proceedings of the IEEE conference on computer vision and pattern recognition},
	pages={770--778},
	year={2016}
}

@inproceedings{huang2016deep,
	title={Deep networks with stochastic depth},
	author={Huang, Gao and Sun, Yu and Liu, Zhuang and Sedra, Daniel and Weinberger, Kilian Q},
	booktitle={European Conference on Computer Vision},
	pages={646--661},
	year={2016},
	organization={Springer}
}

@inproceedings{LeeKLS13,
  author    = {Joonseok Lee and
               Seungyeon Kim and
               Guy Lebanon and
               Yoram Singer},
  title     = {Local Low-Rank Matrix Approximation},
  booktitle = {{ICML} {(2)}},
  series    = {{JMLR} Workshop and Conference Proceedings},
  volume    = {28},
  pages     = {82--90},
  publisher = {JMLR.org},
  year      = {2013}
}

@article{LeeKLSB16,
  author    = {Joonseok Lee and
               Seungyeon Kim and
               Guy Lebanon and
               Yoram Singer and
               Samy Bengio},
  title     = {{LLORMA:} Local Low-Rank Matrix Approximation},
  journal   = {Journal of Machine Learning Research},
  volume    = {17},
  pages     = {15:1--15:24},
  year      = {2016}
}

@article{jia2014caffe,
	Author = {Jia, Yangqing and Shelhamer, Evan and Donahue, Jeff and Karayev, Sergey and Long, Jonathan and Girshick, Ross and Guadarrama, Sergio and Darrell, Trevor},
	Journal = {arXiv preprint arXiv:1408.5093},
	Title = {Caffe: Convolutional Architecture for Fast Feature Embedding},
	Year = {2014}
}

@article{VeitWB16,
  author    = {Andreas Veit and
               Michael J. Wilber and
               Serge J. Belongie},
  title     = {Residual Networks are Exponential Ensembles of Relatively Shallow
               Networks},
  journal   = {CoRR},
  volume    = {abs/1605.06431},
  year      = {2016},
  url       = {http://arxiv.org/abs/1605.06431},
  timestamp = {Wed, 01 Jun 2016 15:51:08 +0200},
  biburl    = {http://dblp.uni-trier.de/rec/bib/journals/corr/VeitWB16},
  bibsource = {dblp computer science bibliography, http://dblp.org}
} 

@article{ZhaoWLTZ16,
  author    = {Liming Zhao and
               Jingdong Wang and
               Xi Li and
               Zhuowen Tu and
               Wenjun Zeng},
  title     = {On the Connection of Deep Fusion to Ensembling},
  journal   = {CoRR},
  volume    = {abs/1611.07718},
  year      = {2016},
  url       = {http://arxiv.org/abs/1611.07718},
  archivePrefix = {arXiv},
  eprint    = {1611.07718},
  timestamp = {Wed, 18 Oct 2017 18:17:54 +0200},
  biburl    = {https://dblp.org/rec/bib/journals/corr/ZhaoWLTZ16},
  bibsource = {dblp computer science bibliography, https://dblp.org}
}

@article{WangXZZ17,
  author    = {Jingdong Wang and
               Yajie Xing and
               Kexin Zhang and
               Cha Zhang},
  title     = {Orthogonal and Idempotent Transformations for Learning Deep Neural
               Networks},
  journal   = {CoRR},
  volume    = {abs/1707.05974},
  year      = {2017},
  url       = {http://arxiv.org/abs/1707.05974},
  archivePrefix = {arXiv},
  eprint    = {1707.05974},
  timestamp = {Sat, 05 Aug 2017 14:56:14 +0200},
  biburl    = {https://dblp.org/rec/bib/journals/corr/WangXZZ17},
  bibsource = {dblp computer science bibliography, https://dblp.org}
}

@article{DengGZ18,
  author    = {Jiankang Deng and
               Jia Guo and
               Stefanos Zafeiriou},
  title     = {ArcFace: Additive Angular Margin Loss for Deep Face Recognition},
  journal   = {CoRR},
  volume    = {abs/1801.07698},
  year      = {2018},
  url       = {http://arxiv.org/abs/1801.07698},
  archivePrefix = {arXiv},
  eprint    = {1801.07698},
  timestamp = {Fri, 02 Feb 2018 14:20:25 +0100},
  biburl    = {https://dblp.org/rec/bib/journals/corr/abs-1801-07698},
  bibsource = {dblp computer science bibliography, https://dblp.org}
}

@article{ZhaoZWG17,
  author    = {Gangming Zhao and
               Zhaoxiang Zhang and
               Jingdong Wang and
               He Guan},
  title     = {Training Better CNNs Requires to Rethink ReLU},
  journal   = {CoRR},
  volume    = {abs/1709.06247},
  year      = {2017},
  url       = {http://arxiv.org/abs/1709.06247},
  archivePrefix = {arXiv},
  eprint    = {1709.06247},
  timestamp = {Thu, 05 Oct 2017 09:42:53 +0200},
  biburl    = {https://dblp.org/rec/bib/journals/corr/abs-1709-06247},
  bibsource = {dblp computer science bibliography, https://dblp.org}
}

@inproceedings{HanKK17,
  author    = {Dongyoon Han and
               Jiwhan Kim and
               Junmo Kim},
  title     = {Deep Pyramidal Residual Networks},
  booktitle = {2017 {IEEE} Conference on Computer Vision and Pattern Recognition,
               {CVPR} 2017, Honolulu, HI, USA, July 21-26, 2017},
  pages     = {6307--6315},
  year      = {2017},
  crossref  = {DBLP:conf/cvpr/2017},
  url       = {https://doi.org/10.1109/CVPR.2017.668},
  doi       = {10.1109/CVPR.2017.668},
  timestamp = {Tue, 14 Nov 2017 17:15:06 +0100},
  biburl    = {https://dblp.org/rec/bib/conf/cvpr/HanKK17},
  bibsource = {dblp computer science bibliography, https://dblp.org}
}

@article{Orhan17,
  author    = {A. Emin Orhan},
  title     = {Skip Connections as Effective Symmetry-Breaking},
  journal   = {CoRR},
  volume    = {abs/1701.09175},
  year      = {2017},
  url       = {http://arxiv.org/abs/1701.09175},
  archivePrefix = {arXiv},
  eprint    = {1701.09175},
  timestamp = {Wed, 07 Jun 2017 14:42:31 +0200},
  biburl    = {https://dblp.org/rec/bib/journals/corr/Orhan17},
  bibsource = {dblp computer science bibliography, https://dblp.org}
}

@inproceedings{WangXLQZZTY17,
  author    = {Yan Wang and
               Lingxi Xie and
               Chenxi Liu and
               Siyuan Qiao and
               Ya Zhang and
               Wenjun Zhang and
               Qi Tian and
               Alan L. Yuille},
  title     = {{SORT:} Second-Order Response Transform for Visual Recognition},
  booktitle = {{IEEE} International Conference on Computer Vision, {ICCV} 2017, Venice,
               Italy, October 22-29, 2017},
  pages     = {1368--1377},
  year      = {2017},
  crossref  = {DBLP:conf/iccv/2017},
  url       = {https://doi.org/10.1109/ICCV.2017.152},
  doi       = {10.1109/ICCV.2017.152},
  timestamp = {Thu, 11 Jan 2018 13:21:37 +0100},
  biburl    = {https://dblp.org/rec/bib/conf/iccv/WangXLQZZTY17},
  bibsource = {dblp computer science bibliography, https://dblp.org}
}

@inproceedings{HouLW17,
  author    = {Saihui Hou and
               Xu Liu and
               Zilei Wang},
  title     = {DualNet: Learn Complementary Features for Image Recognition},
  booktitle = {{IEEE} International Conference on Computer Vision, {ICCV} 2017, Venice,
               Italy, October 22-29, 2017},
  pages     = {502--510},
  year      = {2017},
  crossref  = {DBLP:conf/iccv/2017},
 url       = {https://doi.org/10.1109/ICCV.2017.62},
  doi       = {10.1109/ICCV.2017.62},
  timestamp = {Thu, 11 Jan 2018 13:21:37 +0100},
  biburl    = {https://dblp.org/rec/bib/conf/iccv/HouLW17},
  bibsource = {dblp computer science bibliography, https://dblp.org}
}


@inproceedings{YuKF17,
  author    = {Fisher Yu and
               Vladlen Koltun and
               Thomas A. Funkhouser},
  title     = {Dilated Residual Networks},
  booktitle = {2017 {IEEE} Conference on Computer Vision and Pattern Recognition,
               {CVPR} 2017, Honolulu, HI, USA, July 21-26, 2017},
  pages     = {636--644},
  year      = {2017},
  crossref  = {DBLP:conf/cvpr/2017},
  url       = {https://doi.org/10.1109/CVPR.2017.75},
  doi       = {10.1109/CVPR.2017.75},
  timestamp = {Thu, 16 Nov 2017 11:06:44 +0100},
  biburl    = {https://dblp.org/rec/bib/conf/cvpr/YuKF17},
  bibsource = {dblp computer science bibliography, https://dblp.org}
}

@inproceedings{WangJQYLZWT17,
  author    = {Fei Wang and
               Mengqing Jiang and
               Chen Qian and
               Shuo Yang and
               Cheng Li and
               Honggang Zhang and
               Xiaogang Wang and
               Xiaoou Tang},
  title     = {Residual Attention Network for Image Classification},
  booktitle = {2017 {IEEE} Conference on Computer Vision and Pattern Recognition,
               {CVPR} 2017, Honolulu, HI, USA, July 21-26, 2017},
  pages     = {6450--6458},
  year      = {2017},
  crossref  = {DBLP:conf/cvpr/2017},
  url       = {https://doi.org/10.1109/CVPR.2017.683},
  doi       = {10.1109/CVPR.2017.683},
  timestamp = {Wed, 15 Nov 2017 12:47:39 +0100},
  biburl    = {https://dblp.org/rec/bib/conf/cvpr/WangJQYLZWT17},
  bibsource = {dblp computer science bibliography, https://dblp.org}
}

@article{HowardZCKWWAA17,
  author    = {Andrew G. Howard and
               Menglong Zhu and
               Bo Chen and
               Dmitry Kalenichenko and
               Weijun Wang and
               Tobias Weyand and
               Marco Andreetto and
               Hartwig Adam},
  title     = {MobileNets: Efficient Convolutional Neural Networks for Mobile Vision
               Applications},
  journal   = {CoRR},
  volume    = {abs/1704.04861},
  year      = {2017},
  url       = {http://arxiv.org/abs/1704.04861},
  archivePrefix = {arXiv},
  eprint    = {1704.04861},
  timestamp = {Wed, 07 Jun 2017 14:40:11 +0200},
  biburl    = {https://dblp.org/rec/bib/journals/corr/HowardZCKWWAA17},
  bibsource = {dblp computer science bibliography, https://dblp.org}
}

@article{ZhangZLS17,
  author    = {Xiangyu Zhang and
               Xinyu Zhou and
               Mengxiao Lin and
               Jian Sun},
  title     = {ShuffleNet: An Extremely Efficient Convolutional Neural Network for
               Mobile Devices},
  journal   = {CoRR},
  volume    = {abs/1707.01083},
  year      = {2017},
  url       = {http://arxiv.org/abs/1707.01083},
  archivePrefix = {arXiv},
  eprint    = {1707.01083},
  timestamp = {Sat, 05 Aug 2017 14:56:11 +0200},
  biburl    = {https://dblp.org/rec/bib/journals/corr/ZhangZLS17},
  bibsource = {dblp computer science bibliography, https://dblp.org}
}

@article{TargAL16,
  author    = {Sasha Targ and
               Diogo Almeida and
               Kevin Lyman},
  title     = {Resnet in Resnet: Generalizing Residual Architectures},
  journal   = {CoRR},
  volume    = {abs/1603.08029},
  year      = {2016},
  url       = {http://arxiv.org/abs/1603.08029},
  archivePrefix = {arXiv},
  eprint    = {1603.08029},
  timestamp = {Wed, 07 Jun 2017 14:41:33 +0200},
  biburl    = {https://dblp.org/rec/bib/journals/corr/TargAL16},
  bibsource = {dblp computer science bibliography, https://dblp.org}
}

@inproceedings{ChenLXJYF17,
  author    = {Yunpeng Chen and
               Jianan Li and
               Huaxin Xiao and
               Xiaojie Jin and
               Shuicheng Yan and
               Jiashi Feng},
  title     = {Dual Path Networks},
  booktitle = {Advances in Neural Information Processing Systems 30: Annual Conference
               on Neural Information Processing Systems 2017, 4-9 December 2017,
               Long Beach, CA, {USA}},
  pages     = {4470--4478},
  year      = {2017},
  crossref  = {DBLP:conf/nips/2017},
  url       = {http://papers.nips.cc/paper/7033-dual-path-networks},
  timestamp = {Mon, 27 Nov 2017 12:38:48 +0100},
  biburl    = {https://dblp.org/rec/bib/conf/nips/ChenLXJYF17},
  bibsource = {dblp computer science bibliography, https://dblp.org}
}

@article{HuSSLG17,
  author    = {Jie Hu and
               Li Shen and
               Gang Sun},
  title     = {Squeeze-and-Excitation Networks},
  journal   = {CoRR},
  volume    = {abs/1709.01507},
  year      = {2017},
  url       = {http://arxiv.org/abs/1709.01507},
  archivePrefix = {arXiv},
  eprint    = {1709.01507},
  timestamp = {Thu, 05 Oct 2017 09:43:07 +0200},
  biburl    = {https://dblp.org/rec/bib/journals/corr/abs-1709-01507},
  bibsource = {dblp computer science bibliography, https://dblp.org}
}