@inproceedings{DBLP:conf/icml/NairH10,
  author    = {Vinod Nair and
               Geoffrey E. Hinton},
  title     = {Rectified Linear Units Improve Restricted Boltzmann Machines},
  booktitle = {Proceedings of the 27th International Conference on Machine Learning
               (ICML-10), June 21-24, 2010, Haifa, Israel},
  pages     = {807--814},
  year      = {2010},
  crossref  = {DBLP:conf/icml/2010},
  url       = {http://www.icml2010.org/papers/432.pdf},
  timestamp = {Fri, 12 Jun 2015 19:15:11 +0200},
  biburl    = {http://dblp.org/rec/bib/conf/icml/NairH10},
  bibsource = {dblp computer science bibliography, http://dblp.org}
}

@inproceedings{DBLP:conf/iccv/JarrettKRL09,
  author    = {Kevin Jarrett and
               Koray Kavukcuoglu and
               Marc'Aurelio Ranzato and
               Yann LeCun},
  title     = {What is the best multi-stage architecture for object recognition?},
  booktitle = {{IEEE} 12th International Conference on Computer Vision, {ICCV} 2009,
               Kyoto, Japan, September 27 - October 4, 2009},
  pages     = {2146--2153},
  year      = {2009},
  crossref  = {DBLP:conf/iccv/2009},
  url       = {https://doi.org/10.1109/ICCV.2009.5459469},
  doi       = {10.1109/ICCV.2009.5459469},
  timestamp = {Wed, 24 May 2017 08:31:05 +0200},
  biburl    = {http://dblp.org/rec/bib/conf/iccv/JarrettKRL09},
  bibsource = {dblp computer science bibliography, http://dblp.org}
}
